@online{algebra,
    author = "Imperial College London",
    title = "Mathematics for Machine Learning: Linear Algebra",
    url = "https://www.coursera.org/learn/linear-algebra-machine-learning",
    addendum = "(accessed: 09.01.2019)",
    keywords = "math"
}

@book{zhang2019dive,
	title={Dive into Deep Learning},
	author={Aston Zhang and Zachary C. Lipton and Mu Li and Alexander J. Smola},
	note={\url{http://www.d2l.ai}},
	year={2019}
}