@online{algebra,
    author = "Imperial College London",
    title = "Mathematics for Machine Learning: Linear Algebra",
    url = "https://www.coursera.org/learn/linear-algebra-machine-learning",
    addendum = "(accessed: 09.01.2019)",
    keywords = "math"
}